%%%%%%%%%%%%%%%%%%%%%%%%%%%%%%%%%%%%%%%%%%%%%%%%%%%%%%%%%%%%%%%%%%%%%%%%%%%%%%%%%%
%%																				%%
%% File name: 		bibliography.bib											%%
%% Project name:	Hochleistungsantenne										%%
%% Type of work:	T3X00 project work											%%
%% Author:			Sarah Brückner, Maximilian Stiefel, Hannes Bohnengel		%%
%% Date:			31th May 2016											   	%%
%% University:		DHBW Ravensburg Campus Friedrichshafen						%%
%% Comments:		Created in gedit with tab width = 8							%%
%%																				%%
%%%%%%%%%%%%%%%%%%%%%%%%%%%%%%%%%%%%%%%%%%%%%%%%%%%%%%%%%%%%%%%%%%%%%%%%%%%%%%%%%%

%-------------------------------------Hannes---------------------------------------------
@book{gpredictdownload,
    title       = {Sourceforge.net: GPredict 1.3},
    url         = {https://sourceforge.net/projects/gpredict/files/Gpredict/1.3/},
    urldate     = {2016-05-01}
}

@book{gpredictmanual,
    title       = {GPredict User Manual},
    url         = {https://sourceforge.net/projects/gpredict/files/Gpredict/1.3/gpredict-user-manual-1.3.pdf/download},
    urldate     = {2016-05-01}
}

@book{gpredict,
    title       = {GPredict Homepage},
    url         = {http://gpredict.oz9aec.net/},
    urldate     = {2016-05-01}
}
@book{hamlibmanual,
	title       = {HamLib Manual},
	url         = {http://hamlib.sourceforge.net/manuals/hamlib.html},
	urldate     = {2016-05-13}
}
@book{hamlibdownload,
	title		= {HamLib Download},
	url			= {https://sourceforge.net/projects/hamlib/},
	urldate		= {2016-05-31}
}

%-------------------------------------Max------------------------------------------------
@book{Raumflugm,
	author      = {Wolfgang Steiner and Martin Schlagerl},
	title       = {Raumflugmechanik},
	date        = {2004},
	publisher   = {Springer Verlag},
	language    = {Deutsch},
	location    = {Berlin Heidelberg},
	edition     = {1},
}
@book{HandRaum,
	author      = {Wilfried Ley and Klaus Wittmann and Willi Hallmann and others},
	title       = {Handbuch der Raumfahrttechnik},
	date        = {2008},
	publisher   = {Carl Hanser Verlag},
	language    = {Deutsch},
	location    = {München},
	edition     = {3},
}
@online{Wiki:Bahnel,
	author		  = {Wikimedia Foundation Inc},
	title         = {{{Bahnelement}}},
	year          =  2016,
	url			  = {https://de.wikipedia.org/wiki/Bahnelement},
	urldate		  = {2016-05-01}
}
@online{Wiki:Kepler,
	author		  = {Wikimedia Foundation Inc},
	title         = {{{Johannes Kepler}}},
	year          =  2016,
	url			  = {https://en.wikipedia.org/wiki/Johannes_Kepler},
	urldate		  = {2016-05-05}
}
@online{Wiki:Frue,
	author		  = {Wikimedia Foundation Inc},
	title         = {{{Frühlingspunkt}}},
	year          =  2016,
	url			  = {https://de.wikipedia.org/wiki/Fr%C3%BChlingspunkt},
	urldate		  = {2016-05-25}
}
@online{Wiki:KeplerGl,
	author		  = {Wikimedia Foundation Inc},
	title         = {{{Kepler-Gleichung}}},
	year          =  2016,
	url			  = {https://de.wikipedia.org/wiki/Kepler-Gleichung},
	urldate		  = {2016-05-27}
}
%-------------------------------------Sarah----------------------------------------------
@book{swscript,
	author		= {Prof. Dr. -Ing. habil. Klaus-Peter Fähnrich},
	title		= {Softwaretechnik - Vorgehensmodelle},
	year		= {2009},
	language	= {Deutsch},
	publisher 	= {Universität Leipzig, Institut für Informatik, Betriebliche Informationssysteme}
}
@online{cubesat,
	author		= {CubeSat Lab },
	title           = {{{ULA Releases Application for University CubeSat Competition}}},
	year            =  2016,
	url	        = {http://www.cubesat.org/},
	urldate		= {2016-05-24}
}
@book{radiomanual,
    title       = {IC-9100 Instruction Manual},
    url         = {http://www.icom-australia.com/products/amateur/ic-9100/Amateur_IC-9100_Instruction_Manual.pdf},
    urldate     = {2016-05-24}
}
@online{Wiki:amateur,
	author		= {Wikimedia Foundation Inc},
	title           = {{{Amateurfunksatellit}}},
	year            =  2015,
	url	        = {https://de.wikipedia.org/wiki/Amateurfunksatellit},
	urldate		= {2016-05-24}
}